<?xml version = "1.0" encoding = "UTF-8"?><OAI-PMH xmlns="http://www.openarchives.org/OAI/2.0/" xmlns:xsi="http://www.w3.org/2001/XMLSchema-instance" xsi:schemaLocation="http://www.openarchives.org/OAI/2.0/ http://www.openarchives.org/OAI/2.0/OAI-PMH.xsd"><ListRecords><record><header><identifier>aleph-publish:036831912</identifier></header><metadata><record xmlns="http://www.ddb.de/professionell/mabxml/mabxml-1.xsd"><leader>------M2.01200024------h</leader><controlfield tag="LDR">------M2.01200024------h</controlfield><controlfield tag="FMT">MH</controlfield><datafield tag="001" ind1="-" ind2="1"><subfield code="a">HT020638493</subfield></datafield><datafield tag="002" ind1="a" ind2="1"><subfield code="a">20201109</subfield></datafield><datafield tag="026" ind1="-" ind2="1"><subfield code="a">HBZHT020638493</subfield></datafield><controlfield tag="030">a|zur||||||17</controlfield><datafield tag="036" ind1="a" ind2="1"><subfield code="a">XA-DE</subfield></datafield><datafield tag="037" ind1="b" ind2="1"><subfield code="a">ger</subfield></datafield><controlfield tag="050">a|a|||||||||||</controlfield><controlfield tag="051">at||||||</controlfield><datafield tag="060" ind1="-" ind2="1"><subfield code="b">txt</subfield><subfield code="a">Text</subfield></datafield><datafield tag="061" ind1="-" ind2="1"><subfield code="b">n</subfield><subfield code="a">ohne Hilfsmittel zu benutzen</subfield></datafield><datafield tag="062" ind1="-" ind2="1"><subfield code="b">nc</subfield><subfield code="a">Band</subfield></datafield><datafield tag="070" ind1="-" ind2="1"><subfield code="a">6</subfield></datafield><datafield tag="078" ind1="n" ind2="1"><subfield code="a">NWBib-6</subfield></datafield><datafield tag="080" ind1="-" ind2="1"><subfield code="a">60</subfield></datafield><datafield tag="100" ind1="-" ind2="1"><subfield code="a">Creuzmann, Norika</subfield></datafield><datafield tag="331" ind1="-" ind2="1"><subfield code="a">Überflüssige Blümchenschau oder doch ein grünes Projekt?</subfield></datafield><datafield tag="335" ind1="-" ind2="1"><subfield code="a">Landesgartenschau in Bad Lippspringe</subfield></datafield><datafield tag="359" ind1="-" ind2="1"><subfield code="a">Norika Creuzmann</subfield></datafield><datafield tag="425" ind1="a" ind2="1"><subfield code="a">2018</subfield></datafield><datafield tag="590" ind1="-" ind2="1"><subfield code="a">Alternative Kommunal Politik</subfield></datafield><datafield tag="594" ind1="-" ind2="1"><subfield code="a">Bielefeld</subfield></datafield><datafield tag="595" ind1="-" ind2="1"><subfield code="a">Juli/August 2018</subfield></datafield><datafield tag="596" ind1="-" ind2="1"><subfield code="a">39. Jahrgang, Ausgabe 4 (Juli/August 2018)</subfield></datafield><datafield tag="599" ind1="-" ind2="1"><subfield code="a">HT004019790</subfield></datafield><datafield tag="700" ind1="n" ind2="1"><subfield code="a">Bad Lippspringe</subfield><subfield code="0">https://nwbib.de/spatial#Q183307</subfield></datafield><datafield tag="700" ind1="n" ind2="1"><subfield code="a">Landesgartenschau</subfield><subfield code="0">https://nwbib.de/subjects#N586080</subfield></datafield><datafield tag="902" ind1="-" ind2="1"><subfield code="e">Landesgartenschau</subfield><subfield code="h">Nordrhein-Westfalen</subfield><subfield code="d">2017</subfield><subfield code="c">Bad Lippspringe</subfield><subfield code="9">(DE-588)104466410X</subfield></datafield><controlfield tag="SYS">036831912</controlfield></record></metadata></record></ListRecords></OAI-PMH>